<?xml version="1.0" encoding="UTF-8"?><collection xmlns="http://www.loc.gov/MARC21/slim"><record><leader>00300nam--2200109-i-4500</leader><controlfield tag="001">000027030</controlfield><controlfield tag="002">20161230</controlfield><controlfield tag="005">20161230201036</controlfield><controlfield tag="008">060222s1000------------r-----000-0-eng-d</controlfield><datafield ind1=" " ind2=" " tag="245"><subfield code="a">Interuniversitair instituut voor kernwetenschappen. jaarverslag 1962</subfield></datafield><datafield ind1=" " ind2=" " tag="260"><subfield code="a">Brussel, I.I.K., 1962, 203p</subfield></datafield><datafield ind1=" " ind2=" " tag="852"><subfield code="a">18720</subfield></datafield></record></collection>